<?xml version="1.0" encoding="UTF-8"?><collection xmlns="http://www.loc.gov/MARC21/slim"><record><leader>00514nam--2200169-i-4500</leader><controlfield tag="001">000001173</controlfield><controlfield tag="002">20161230</controlfield><controlfield tag="005">20161230201024</controlfield><controlfield tag="008">060222s1000------------r-----000-0-eng-d</controlfield><datafield ind1=" " ind2=" " tag="040"><subfield code="a">IFIN-HH</subfield></datafield><datafield ind1=" " ind2=" " tag="080"><subfield code="a">535.338.4</subfield></datafield><datafield ind1="1" ind2=" " tag="100"><subfield code="a">Hepple, Peter</subfield></datafield><datafield ind1="1" ind2="0" tag="245"><subfield code="a">Molecular spectroscopy</subfield><subfield code="b">Proceedings of a conference held at brighton, england, 17-19 april 1968</subfield><subfield code="c">PETER HEPPLE (Ed.)</subfield></datafield><datafield ind1=" " ind2=" " tag="260"><subfield code="a">London</subfield><subfield code="b">The Institute Of Petroleum</subfield><subfield code="c">1968</subfield></datafield><datafield ind1=" " ind2=" " tag="300"><subfield code="a">VII + 419 P</subfield></datafield><datafield ind1=" " ind2=" " tag="852"><subfield code="a">31280</subfield><subfield code="c">535.33</subfield></datafield><datafield ind1=" " ind2=" " tag="CAT"><subfield code="a">Sys</subfield><subfield code="c">20101203</subfield><subfield code="h">121732</subfield></datafield></record></collection>